@article{Bergstrom:2013:DFN:2517327.2442525,
 author = {Bergstrom, Lars and Fluet, Matthew and Rainey, Mike and Reppy, John and Rosen, Stephen and Shaw, Adam},
 title = {Data-only Flattening for Nested Data Parallelism},
 journal = {SIGPLAN Not.},
 issue_date = {August 2013},
 volume = {48},
 number = {8},
 month = feb,
 year = {2013},
 issn = {0362-1340},
 pages = {81--92},
 numpages = {12},
 url = {http://doi.acm.org/10.1145/2517327.2442525},
 doi = {10.1145/2517327.2442525},
 acmid = {2442525},
 publisher = {ACM},
 address = {New York, NY, USA},
 keywords = {compilers, flattening, multicore, nesl, nested data parallelism},
}

@article{Sharma:2013:DEC:2544173.2509509,
 author = {Sharma, Rahul and Schkufza, Eric and Churchill, Berkeley and Aiken, Alex},
 title = {Data-driven Equivalence Checking},
 journal = {SIGPLAN Not.},
 issue_date = {October 2013},
 volume = {48},
 number = {10},
 month = oct,
 year = {2013},
 issn = {0362-1340},
 pages = {391--406},
 numpages = {16},
 url = {http://doi.acm.org/10.1145/2544173.2509509},
 doi = {10.1145/2544173.2509509},
 acmid = {2509509},
 publisher = {ACM},
 address = {New York, NY, USA},
 keywords = {binary analysis, compilers, markov chain monte carlo, optimization, smt, superoptimization, verification, x86},
}

@inproceedings{Wienke:2012:OFE:2402420.2402522,
 author = {Wienke, Sandra and Springer, Paul and Terboven, Christian and an Mey, Dieter},
 title = {OpenACC: First Experiences with Real-world Applications},
 booktitle = {Proceedings of the 18th International Conference on Parallel Processing},
 series = {Euro-Par'12},
 year = {2012},
 isbn = {978-3-642-32819-0},
 location = {Rhodes Island, Greece},
 pages = {859--870},
 numpages = {12},
 url = {http://dx.doi.org/10.1007/978-3-642-32820-6_85},
 doi = {10.1007/978-3-642-32820-6_85},
 acmid = {2402522},
 publisher = {Springer-Verlag},
 address = {Berlin, Heidelberg},
}

@inproceedings{Reyes:2012:AOI:2402420.2402523,
 author = {Reyes, Ruym\'{a}n and L\'{o}pez-Rodr\'{\i}guez, Iv\'{a}n and Fumero, Juan J. and de Sande, Francisco},
 title = {accULL: An OpenACC Implementation with CUDA and OpenCL Support},
 booktitle = {Proceedings of the 18th International Conference on Parallel Processing},
 series = {Euro-Par'12},
 year = {2012},
 isbn = {978-3-642-32819-0},
 location = {Rhodes Island, Greece},
 pages = {871--882},
 numpages = {12},
 url = {http://dx.doi.org/10.1007/978-3-642-32820-6_86},
 doi = {10.1007/978-3-642-32820-6_86},
 acmid = {2402523},
 publisher = {Springer-Verlag},
 address = {Berlin, Heidelberg},
}

@inproceedings{Stock:2014:FED:2594291.2594342,
 author = {Stock, Kevin and Kong, Martin and Grosser, Tobias and Pouchet, Louis-No\"{e}l and Rastello, Fabrice and Ramanujam, J. and Sadayappan, P.},
 title = {A Framework for Enhancing Data Reuse via Associative Reordering},
 booktitle = {Proceedings of the 35th ACM SIGPLAN Conference on Programming Language Design and Implementation},
 series = {PLDI '14},
 year = {2014},
 isbn = {978-1-4503-2784-8},
 location = {Edinburgh, United Kingdom},
 pages = {65--76},
 numpages = {12},
 url = {http://doi.acm.org/10.1145/2594291.2594342},
 doi = {10.1145/2594291.2594342},
 acmid = {2594342},
 publisher = {ACM},
 address = {New York, NY, USA},
}

@inproceedings{baghdadi2012pencil,
  title={PENCIL: Towards a Platform-Neutral Compute Intermediate Language for DSLs},
  author={Baghdadi, Riyadh and Cohen, Albert and Guelton, Serge and Verdoolaege, Sven and Inoue, Jun and Grosser, Tobias and Kouveli, Georgia and Kravets, Alexey and Lokhmotov, Anton and Nugteren, Cedric and others}
}

@inproceedings{Campanoni:2012:HAP:2259016.2259028,
 author = {Campanoni, Simone and Jones, Timothy and Holloway, Glenn and Reddi, Vijay Janapa and Wei, Gu-Yeon and Brooks, David},
 title = {HELIX: Automatic Parallelization of Irregular Programs for Chip Multiprocessing},
 booktitle = {Proceedings of the Tenth International Symposium on Code Generation and Optimization},
 series = {CGO '12},
 year = {2012},
 isbn = {978-1-4503-1206-6},
 location = {San Jose, California},
 pages = {84--93},
 numpages = {10},
 url = {http://doi.acm.org/10.1145/2259016.2259028},
 doi = {10.1145/2259016.2259028},
 acmid = {2259028},
 publisher = {ACM},
 address = {New York, NY, USA},
}

@article{Trojahner2009643,
title = "Dependently typed array programs donâ€™t go wrong ",
journal = "The Journal of Logic and Algebraic Programming ",
volume = "78",
number = "7",
pages = "643 - 664",
year = "2009",
note = "The 19th Nordic Workshop on Programming Theory (NWPT 2007) ",
issn = "1567-8326",
doi = "http://dx.doi.org/10.1016/j.jlap.2009.03.002",
url = "http://www.sciencedirect.com/science/article/pii/S1567832609000411",
author = "Kai Trojahner and Clemens Grelck",
keywords = "Array programming",
keywords = "Dependent types",
keywords = "Program verification "
}

